<?xml version="1.0" encoding="UTF-8"?><collection xmlns="http://www.loc.gov/MARC21/slim"><record><leader>00660nam--2200193-i-4500</leader><controlfield tag="001">000014649</controlfield><controlfield tag="002">20161230</controlfield><controlfield tag="005">20161230201030</controlfield><controlfield tag="008">060222s1000------------r-----000-0-eng-d</controlfield><datafield ind1=" " ind2=" " tag="020"><subfield code="a">0720404258</subfield></datafield><datafield ind1=" " ind2=" " tag="040"><subfield code="a">IFIN-HH</subfield></datafield><datafield ind1=" " ind2=" " tag="080"><subfield code="a">539.17:539.2(O61.3)</subfield></datafield><datafield ind1="1" ind2=" " tag="100"><subfield code="a">Saris,F.W./S.A.</subfield></datafield><datafield ind1="1" ind2="0" tag="245"><subfield code="a">Atomic collisions in solids</subfield><subfield code="b">Proceedings of the vith international conference on atomic collisions in solids amsterdam, september 22-26, 1975</subfield><subfield code="c">F.w. saris, w.f. van der weg (eds.)</subfield></datafield><datafield ind1=" " ind2=" " tag="260"><subfield code="a">Amsterdam</subfield><subfield code="b">North-holland Publishing Company</subfield><subfield code="c">1976</subfield></datafield><datafield ind1=" " ind2=" " tag="300"><subfield code="a">XII + 713P</subfield></datafield><datafield ind1="1" ind2=" " tag="700"><subfield code="a">Van Der Weg, W.F</subfield><subfield code="e">Ed</subfield></datafield><datafield ind1=" " ind2=" " tag="852"><subfield code="a">75024</subfield><subfield code="c">539.2</subfield></datafield><datafield ind1=" " ind2=" " tag="CAT"><subfield code="a">Sys</subfield><subfield code="c">20121121</subfield><subfield code="h">115922</subfield></datafield></record></collection>